%% This BibTeX bibliography file was created using BibDesk.
%% http://bibdesk.sourceforge.net/


%% Created for Jarrett Keifer at 2014-09-03 08:42:47 -0700 


%% Saved with string encoding Unicode (UTF-8) 



@book{eastman2012idrisi,
	Address = {Worcester, MA},
	Author = {Eastman, J. R.},
	Citation_Identifier = {Eastman 2012},
	Date-Added = {2014-09-03 15:42:28 +0000},
	Date-Modified = {2014-09-03 15:42:44 +0000},
	Google_Scholar_Bibtex_Export_Key = {sGS4cQ0ZnUQJ},
	Month = {1},
	Publicationstatus = {Published},
	Publisher = {Clark University},
	Sentelink = {file://localhost/Users/phoetrymaster/Documents/Sente/2012-07-20_SenteLib/Eastman/2012/!%20Unknown%20Article%20Title/Eastman.pdf,Sente,},
	Title = {{IDRISI} {S}elva {M}anual},
	Uuid = {0D1A2110-372F-4588-81D1-FFD89021C4CF},
	Web_Data_Source = {Google Scholar},
	Year = {2012}}

@book{silithe-issue,
	Author = {Sili, Marcelo and Soumoulou, Luciana and Benito, Gabriela and Tomasi, Fernando},
	Citation_Identifier = {Sili},
	Date-Added = {2014-09-02 15:55:28 +0000},
	Date-Modified = {2014-09-02 16:03:56 +0000},
	Publicationstatus = {Unknown},
	Publisher = {International Fund for Agricultural Development},
	Retrieval_Day = {2},
	Retrieval_Month = {11},
	Sentelink = {file://localhost/Users/phoetrymaster/Documents/Sente/2012-07-20_SenteLib/Sili/!%20Unknown%20Year/The%20Issue%20of%20Land%20in%20Argentina_%20Conflicts%20and%20dyna/Sili%20The%20Issue%20of%20Land%20in%20Argentina%20Conflicts%20and.pdf,Sente,},
	Title = {The Issue of Land in {A}rgentina: Conflicts and dynamics of use, holdings, and concentration},
	Uuid = {668248D0-4001-4C7A-88C3-7732441043AF},
	Web_Data_Source = {http://www.ifad.org/pub/land/argentina\_e.pdf},
	Year = {2011}}

@article{matteucciclustering:,
	Author = {Matteucci, Matteo},
	Citation_Identifier = {Matteucci},
	Date-Added = {2014-09-01 20:03:41 +0000},
	Date-Modified = {2014-09-01 20:06:54 +0000},
	Journal = {A Tutorial on Clustering Algorithms},
	Publicationstatus = {Unknown},
	Retrieval_Day = {1},
	Retrieval_Month = {9},
	Retrieval_Year = {2014},
	Sentelink = {file://localhost/Users/phoetrymaster/Documents/Sente/2012-07-20_SenteLib/Matteucci/!%20Unknown%20Year/Clustering_%20K-means/Matteucci%20Clustering%20K-means.webarchive,Sente,Web Page Archived Sep 1, 2014 1:03:25 PM},
	Title = {K-Means Clustering},
	Url = {http://home.deib.polimi.it/matteucc/Clustering/tutorial_html/kmeans.html},
	Urldate = {2014-09-01},
	Uuid = {92C60D64-011D-4B8A-A8AB-C4593008AB76},
	Web_Data_Source = {home.deib.polimi.it},
	Year = {n.d.},
	Bdsk-Url-1 = {http://home.deib.polimi.it/matteucc/Clustering/tutorial_html/kmeans.html}}

@article{kmeans2014,
	Author = {{Exelis Visual Information Solutions}},
	Date-Added = {2014-09-01 19:50:50 +0000},
	Date-Modified = {2014-09-01 19:52:10 +0000},
	Journal = {Using ENVI},
	Title = {K-Means},
	Url = {http://www.exelisvis.com/docs/KMeansClassification.html},
	Urldate = {2014-09-01},
	Year = {2014},
	Bdsk-Url-1 = {http://www.exelisvis.com/portals/0/pdfs/envi/mapping_methods.pdf}}

@incollection{kaimowitz2001soybean,
	Abstract = {This book has been developed from a workshop on 'Technological Change in Agriculture and Tropical Deforestation', organized by the Center for International Forestry Research and held in Costa Rica in March, 1999. It explores how intensification of agriculture affects tropical deforestation using case studies from different geographical regions, using different agricultural products and technologies and in differing demographic situations and market conditions. Guidance is also given on future agricultural research and extension efforts.},
	Address = {New York},
	All_Isbns = {0851994512 (alk. paper},
	Author = {Kaimowitz, David and Smith, Joyotee},
	Booktitle = {Agricultural Technologies and Tropical Deforestation},
	Citation_Identifier = {Angelsen 2001},
	Date-Added = {2014-09-01 17:38:03 +0000},
	Date-Modified = {2014-09-02 16:21:06 +0000},
	Editor = {A. Angelsen and D. Kaimowitz},
	Google_Scholar_Bibtex_Export_Key = {izV8RIXWUJ0J},
	Googlebooks_Key = {cUbtn-cZAh8C},
	Isbn = {0851994512},
	Keywords = {Deforestation--Tropics--Congresses;Control;Agriculture--Technology transfer--Tropics--Congresses;BotanyScience;Deforestation--Control--Tropics--Congresses;Tropics;CongressesDeforestation;Ecosystems & Habitats;GeneralTechnology & Engineering;Tropical Agriculture;CongressesDeforestationDeforestation - Control - TropicsDeforestation - TropicsDeforestation;EcologyTechnology & Engineering;Natural ResourcesNature;Plants;TreesScience;Life Sciences;Forests & RainforestsNature;Technology transfer;Agriculture;ForestryTechnology & Engineering;CongressesNature;Environmental ScienceScience;Nature › Ecosystems & Habitats › Forests & RainforestsAgricultureAgriculture - Technology transfer - TropicsAgriculture},
	Medium_Consulted = {Web},
	Pages = {195-211},
	Publicationstatus = {Unknown},
	Publisher = {CAB International},
	Sentelink = {file://localhost/Users/phoetrymaster/Documents/Sente/2012-07-20_SenteLib/Angelsen/2001/Soybean%20Technology%20and%20the%20Loss%20of%20Natural%20Vegetat/Angelsen%20Soybean%20Technology%20and%20the%20Loss%20of%20Natura.pdf,Sente,},
	Title = {Soybean technology and the loss of natural vegetation in {B}razil and {B}olivia},
	Url = {http://www.cifor.org/publications/pdf_files/books/ckaimowitz0101e0.pdf},
	Urldate = {2014-09-01},
	Uuid = {46E36449-3C14-4AF8-93B4-9494206F9E62},
	Web_Data_Source = {Google Scholar},
	Year = {2001}}

@misc{arcgis10.1,
	Address = {Redlands, CA},
	Author = {{ESRI}},
	Date-Added = {2014-09-01 17:14:30 +0000},
	Date-Modified = {2014-09-01 17:18:06 +0000},
	Publisher = {ESRI},
	Title = {\textnormal{ArcGIS for Desktop Advanced (version 10.1 SP1) [computer software]}},
	Url = {http://www.esri.com/software/arcgis/arcgis-for-desktop},
	Urldate = {2014-09-01},
	Year = {2012},
	Bdsk-Url-1 = {https://www.python.org/}}

@article{soybean-and-cor2013argentina,
	Author = {{Soybean And Corn Advisor}},
	Citation_Identifier = {SoybeanAndCornAdvisor 2013},
	Date-Added = {2014-09-01 15:01:41 +0000},
	Date-Modified = {2014-09-02 16:28:26 +0000},
	Publicationstatus = {Unknown},
	Retrieval_Day = {1},
	Retrieval_Month = {9},
	Retrieval_Year = {2014},
	Sentelink = {file://localhost/Users/phoetrymaster/Documents/Sente/2012-07-20_SenteLib/!%20Unknown%20Author(s)/!%20Unknown%20Year/Argentina%20Monthy%20Crop%20Calendar/Argentina%20Monthy%20Crop%20Calendar.webarchive,Sente,Web Page Archived Sep 1, 2014 7:41:35 AM},
	Title = {{A}rgentina monthy crop calendar},
	Url = {http://www.soybeansandcorn.com/Argentina-Crop-Cycles},
	Urldate = {2014-09-01},
	Uuid = {127B3B71-65ED-428C-8302-74D73B1AB478},
	Web_Data_Source = {www.soybeansandcorn.com},
	Year = {2013},
	Bdsk-Url-1 = {http://www.soybeansandcorn.com/Argentina-Crop-Cycles}}

@article{agriculture-for2008foreign,
	Author = {{U.S. Foreign Agricultural Service Office of Global Analysis}},
	Citation_Identifier = {USDepartmentOfAgriculture 2008},
	Date-Added = {2014-09-01 15:01:17 +0000},
	Date-Modified = {2014-09-01 22:11:24 +0000},
	Journal = {Foreign Agricultural Service Crop Explorer},
	Publicationstatus = {Unknown},
	Publisher = {{U.S.} Department of Agriculture},
	Retrieval_Day = {1},
	Retrieval_Month = {9},
	Retrieval_Year = {2014},
	Sentelink = {file://localhost/Users/phoetrymaster/Documents/Sente/2012-07-20_SenteLib/!%20Unknown%20Author(s)/!%20Unknown%20Year/Crop%20Calendar%20for%20Argentina/Crop%20Calendar%20for%20Argentina.webarchive,Sente,Web Page Archived Sep 1, 2014 7:55:40 AM},
	Title = {Crop Calendar of Argentina},
	Url = {http://www.pecad.fas.usda.gov/cropexplorer/al/ar_cropcal.htm},
	Urldate = {2014-09-01},
	Uuid = {31F5032F-1FF2-40C0-970A-8C20999BC843},
	Web_Data_Source = {www.pecad.fas.usda.gov},
	Year = {2008},
	Bdsk-Url-1 = {http://www.pecad.fas.usda.gov/cropexplorer/al/ar_cropcal.htm}}

@article{sacks2010crop,
	Author = {Sacks, William J. and Deryng, Delphine and Foley, Jonathan A. and Ramankutty, Navin},
	Citation_Identifier = {Sacks 2010},
	Date-Added = {2014-09-01 01:00:00 +0000},
	Date-Modified = {2014-09-01 01:00:23 +0000},
	Doi = {10.1111/j.1466-8238.2010.00551.x},
	Issn = {14668238},
	Journal = {Global Ecology and Biogeography},
	Pages = {607-620},
	Publicationstatus = {Unknown},
	Sentelink = {file://localhost/Users/phoetrymaster/Documents/Sente/2012-07-20_SenteLib/Sacks/!%20Unknown%20Year/Crop%20planting%20dates_%20an%20analysis%20of%20global%20pattern/Sacks%20Crop%20planting%20dates%20an%20analysis%20of%20global%20p.pdf,Sente,},
	Title = {Crop planting dates: {A}n analysis of global patterns},
	Uuid = {81EFD3C0-9EC9-4519-A96F-64BB640A937F},
	Volume = {19},
	Web_Data_Source = {CrossRef},
	Year = {2010},
	Bdsk-Url-1 = {http://dx.doi.org/10.1111/j.1466-8238.2010.00551.x}}

@misc{python2.7.8,
	Address = {Beaverton, OR},
	Author = {{Python Software Foundation}},
	Date-Added = {2014-08-29 03:49:47 +0000},
	Date-Modified = {2014-08-29 03:54:46 +0000},
	Publisher = {Python Software Foundation},
	Title = {\textnormal{Python Programming Language (version 2.7.8) [computer programming language]}},
	Url = {https://www.python.org/},
	Urldate = {2014-08-28},
	Bdsk-Url-1 = {https://www.python.org/}}

@misc{envi5.0,
	Address = {Boulder, CO},
	Author = {{Exelis Visual Information Solutions}},
	Date-Added = {2014-08-29 03:40:08 +0000},
	Date-Modified = {2014-08-29 03:46:25 +0000},
	Publisher = {Exelis Visual Information Solutions},
	Title = {\textnormal{ENVI (version 5.0) [computer software]}},
	Url = {http://www.exelisvis.com/ProductsServices/ENVIProducts.aspx},
	Urldate = {2014-08-28},
	Bdsk-Url-1 = {http://www.exelisvis.com/ProductsServices/ENVIProducts.aspx}}

@misc{modis4.1,
	Address = {Sioux Falls, SD},
	Author = {{Land Processes Distributed Active Archive Center}},
	Date-Added = {2014-08-29 00:11:53 +0000},
	Date-Modified = {2014-08-29 03:40:03 +0000},
	Publisher = {Land Processes Distributed Active Archive Center},
	Shortauthor = {LDPAAC},
	Title = {\textnormal{MODIS Reprojection Tool (version 4.1) [computer software]}},
	Url = {https://lpdaac.usgs.gov/tools/modis_reprojection_tool},
	Urldate = {2014-08-28},
	Year = {2011},
	Bdsk-Url-1 = {https://lpdaac.usgs.gov/tools/modis_reprojection_tool}}

@article{mercopress2010prime,
	Author = {MercoPress},
	Citation_Identifier = {Mercopress 2010},
	Date-Added = {2014-08-21 17:45:05 +0000},
	Date-Modified = {2014-09-02 16:22:39 +0000},
	Month = {10},
	Publicationstatus = {Unknown},
	Publisher = {MercoPress},
	Retrieval_Day = {21},
	Retrieval_Month = {8},
	Retrieval_Year = {2014},
	Sentelink = {file://localhost/Users/phoetrymaster/Documents/Sente/2012-07-20_SenteLib/MercoPress/2010/Prime%20farmland%20in%20Argentina%20costs%20almost%20as%20much%20a/MercoPress%20Prime%20farmland%20in%20Argentina%20costs%20almos.webarchive,Sente,Web Page Archived Aug 21, 2014 10:44:44 AM},
	Title = {Prime farmland in {A}rgentina costs almost as much as in {U}nited {S}tates},
	Url = {http://en.mercopress.com/2010/10/21/prime-farmland-in-argentina-costs-almost-as-much-as-in-united-states},
	Urldate = {2014-08-21},
	Uuid = {6783F90E-709C-4D06-901D-A661AC89AD6E},
	Web_Data_Source = {en.mercopress.com},
	Year = {2010},
	Bdsk-Url-1 = {http://en.mercopress.com/2010/10/21/prime-farmland-in-argentina-costs-almost-as-much-as-in-united-states}}

@article{paruelo2005expansion,
	Author = {Paruelo, Jos\'{e} M. and Guerschman, Juan P. and Ver\'{o}n, Santiago R.},
	Citation_Identifier = {Paruelo 2005},
	Date-Added = {2014-08-21 17:26:37 +0000},
	Date-Modified = {2014-08-29 18:35:40 +0000},
	Google_Scholar_Bibtex_Export_Key = {AjdwaeOrgbQJ},
	Journal = {Ciencia Hoy [Science Today]},
	Number = {87},
	Pages = {14-23},
	Publicationstatus = {Published},
	Retrieval_Day = {21},
	Retrieval_Month = {8},
	Retrieval_Year = {2014},
	Sentelink = {file://localhost/Users/phoetrymaster/Documents/Sente/2012-07-20_SenteLib/Paruelo/2005/Expansi%C3%B3n%20agr%C3%ADcola%20y%20cambios%20en%20el%20uso%20del%20suelo/Paruelo%20Expansi%C3%B3n%20agr%C3%ADcola%20y%20cambios%20en%20el%20uso%20del.pdf,Sente,},
	Title = {Expansi\'{o}n agr\'{i}cola y cambios en el uso del suelo [Agricultural expansion and changes in land use]},
	Urldate = {2014-08-21},
	Uuid = {4B25C39F-1823-44B4-9A0A-804BB983BD9B},
	Volume = {15},
	Web_Data_Source = {Google Scholar},
	Year = {2005}}

@book{shroyer1996kansas,
	Address = {Lawrence, KS},
	Author = {Shroyer, James P. and Thompson, Curtis and Brown, Randy and Ohlenbusch, Paul D. and Fjell, Dale L. and Staggenborg, Scott and Duncan, Stewart and Kilgore, Gary L.},
	Citation_Identifier = {Shroyer 1996},
	Date-Added = {2014-08-19 18:40:48 +0000},
	Date-Modified = {2014-09-02 16:00:36 +0000},
	Month = {11},
	Publicationstatus = {Unknown},
	Publisher = {Kansas State University},
	Retrieval_Day = {19},
	Retrieval_Month = {8},
	Retrieval_Year = {2014},
	Sentelink = {file://localhost/Users/phoetrymaster/Documents/Sente/2012-07-20_SenteLib/%7BKansas%20State%20University%20Agricultural%20Experiment%20S/!%20Unknown%20Year/!%20Unknown%20Article%20Title/%7BKansas%20State%20University%20Agricultural%20Experiment%20S.pdf,Sente,},
	Title = {Kansas {C}rop {P}lanting {G}uide},
	Url = {http://www.ksre.ksu.edu/bookstore/pubs/l818.pdf},
	Urldate = {2014-08-19},
	Uuid = {4C721294-DD68-47A4-A005-A03D453A8700},
	Year = {1996},
	Bdsk-Url-1 = {http://www.ksre.ksu.edu/bookstore/pubs/l818.pdf}}

@article{clark2003imaging,
	Author = {Clark, R. N. and Swayze, G. A. and Livo, K. E. and Kokaly, R. F. and Sutley, S. J. and Dalton, J. B. and McDougal, R. R. and Gent, C. A.},
	Citation_Identifier = {Clark 2003},
	Date-Added = {2014-08-14 18:49:14 +0000},
	Date-Modified = {2014-09-02 16:15:26 +0000},
	Doi = {10.1029/2002JE001847},
	Journal = {Journal of Geophysical Research},
	Number = {E12},
	Organization = {USGS Spectroscopy Lab},
	Pages = {1-44},
	Retrieval_Day = {11},
	Retrieval_Month = {8},
	Retrieval_Year = {2014},
	Sentelink = {file://localhost/Users/phoetrymaster/Documents/Sente/2012-07-20_SenteLib/Clark/2003/Imaging%20spectroscopy_%20Earth%20and%20planetary%20remote%20s/Clark%20Imaging%20spectroscopy%20Earth%20and%20planetary%20re.webarchive,Sente,Web Page Archived Aug 11, 2014 12:29:03 PM},
	Title = {Imaging spectroscopy: Earth and planetary remote sensing with the USGS Tetracorder and expert systems},
	Url = {http://speclab.cr.usgs.gov/PAPERS/tetracorder/},
	Urldate = {2014-08-11},
	Uuid = {42B92BF9-CE90-4DA1-ADA0-121076415AFC},
	Volume = {108},
	Web_Data_Source = {speclab.cr.usgs.gov},
	Year = {2003},
	Bdsk-Url-1 = {http://speclab.cr.usgs.gov/PAPERS/tetracorder/},
	Bdsk-Url-2 = {http://dx.doi.org/10.1029/2002JE001847}}

@article{senay2000using,
	Author = {Senay, Gabriel B. and Lyon, John G. and Ward, Andy D. and Nokes, Sue E.},
	Citation_Identifier = {Senay 2000},
	Date-Added = {2014-08-14 01:32:01 +0000},
	Date-Modified = {2014-08-14 01:32:16 +0000},
	Google_Scholar_Bibtex_Export_Key = {fjfLf6qlzZwJ},
	Journal = {Photogrammetric Engineering \& Remote Sensing},
	Keywords = {Remote Sensing;Corn and Soy},
	Number = {3},
	Pages = {319-327},
	Publicationstatus = {Unknown},
	Sentelink = {file://localhost/Users/phoetrymaster/Documents/Sente/2012-07-20_SenteLib/Senay/2000/Using%20high%20spatial%20resolution%20multispectral%20data%20t/Senay%20Using%20high%20spatial%20resolution%20multispectral.pdf,Sente,},
	Tags = {Corn and Soy;Remote Sensing},
	Title = {Using high spatial resolution multispectral data to classify corn and soybean crops},
	Uuid = {9A325926-32A3-4B8F-9008-783AC97D2084},
	Volume = {66},
	Web_Data_Source = {Google Scholar},
	Year = {2000}}

@article{solutions2013selected,
	Author = {{Exelis Visual Information Solutions}},
	Citation_Identifier = {ExelisVisualInformationSolutions 2013},
	Date-Added = {2014-08-11 19:13:42 +0000},
	Date-Modified = {2014-08-14 18:29:27 +0000},
	Journal = {ENVI Classic Tutorial},
	Lastchecked = {12 Aug 2014},
	Publicationstatus = {Unknown},
	Sentelink = {file://localhost/Users/phoetrymaster/Documents/Sente/2012-07-20_SenteLib/Exelis%20Visual%20Information%20Solutions/2013/Selected%20Hyperspectral%20Mapping%20Methods/Exelis%20Visual%20Information%20Solutions%20Selected%20Hyper.pdf,Sente,},
	Title = {Selected Hyperspectral Mapping Methods},
	Url = {http://www.exelisvis.com/portals/0/pdfs/envi/mapping_methods.pdf},
	Urldate = {2014-08-12},
	Uuid = {B24E5D41-EDAA-426F-BAE6-B0C871883298},
	Year = {2013},
	Bdsk-Url-1 = {http://www.exelisvis.com/portals/0/pdfs/envi/mapping_methods.pdf}}

@article{price1994how-unique,
	Author = {Price, John C.},
	Citation_Identifier = {Price 1994},
	Date-Added = {2014-08-11 00:27:43 +0000},
	Date-Modified = {2014-08-11 00:27:43 +0000},
	Google_Scholar_Bibtex_Export_Key = {kF4RxWdGwOkJ},
	Journal = {Remote Sensing of Environment},
	Number = {3},
	Pages = {181-186},
	Publicationstatus = {Unknown},
	Publisher = {Elsevier},
	Sentelink = {file://localhost/Users/phoetrymaster/Documents/Sente/2012-07-20_SenteLib/Price/1994/How%20unique%20are%20spectral%20signatures%3F/Price%20How%20unique%20are%20spectral%20signatures%3F.pdf,Sente,},
	Title = {How unique are spectral signatures?},
	Uuid = {12B370E6-426E-4E4B-B0E2-44F9FF3298BB},
	Volume = {49},
	Web_Data_Source = {Google Scholar},
	Year = {1994}}

@article{huete2002overview,
	Author = {Huete, A. and Didan, Kamel and Miura, Tomoaki and Rodriguez, E. Patricia and Gao, Xiang and Ferreira, Laerte G.},
	Citation_Identifier = {Huete 2002},
	Date-Added = {2013-11-15 04:06:47 +0000},
	Date-Modified = {2014-08-29 18:33:14 +0000},
	Google_Scholar_Bibtex_Export_Key = {dxnXSd\_F0jgJ},
	Journal = {Remote Sensing of Environment},
	Number = {1},
	Pages = {195-213},
	Publicationstatus = {Unknown},
	Publisher = {Elsevier},
	Sentelink = {file://localhost/Users/phoetrymaster/Documents/Sente/2012-07-20_SenteLib/Huete/2002/Overview%20of%20the%20radiometric%20and%20biophysical%20perfor/Huete%20Overview%20of%20the%20radiometric%20and%20biophysical.pdf,Sente,},
	Title = {Overview of the radiometric and biophysical performance of the {MODIS} vegetation indices},
	Uuid = {B1F248D0-7F9A-430C-8917-B4626E85BE9E},
	Volume = {83},
	Web_Data_Source = {Google Scholar},
	Year = {2002}}

@article{jiang2000application,
	Author = {Jiang, Hong and Eastman, J. Ronald},
	Citation_Identifier = {Jiang 2000},
	Date-Added = {2013-11-14 23:44:08 +0000},
	Date-Modified = {2014-08-29 18:33:26 +0000},
	Doi = {10.1080/136588100240903},
	Issn = {1365-8816},
	Journal = {International Journal of Geographical Information Science},
	Number = {2},
	Pages = {173-184},
	Publicationstatus = {Published},
	Sentelink = {file://localhost/Users/phoetrymaster/Documents/Sente/2012-07-20_SenteLib/Jiang/2000/Application%20of%20fuzzy%20measures%20in%20multi-criteria%20ev/Jiang%20Application%20of%20fuzzy%20measures%20in%20multi-crite.pdf,Sente,},
	Title = {Application of fuzzy measures in multi-criteria evaluation in {GIS}},
	Uuid = {E6D26C79-0EF5-436F-91AA-613E5D5AEC1C},
	Volume = {14},
	Year = {2000},
	Bdsk-Url-1 = {http://dx.doi.org/10.1080/136588100240903}}

@article{sala2000global,
	Author = {Sala, Osvaldo E. and Chapin, F. Stuart and Armesto, Juan J. and Berlow, Eric and Bloomfield, Janine and Dirzo, Rodolfo and Huber-Sanwald, Elisabeth and Huenneke, Laura F. and Jackson, Robert B. and Kinzig, Ann},
	Citation_Identifier = {Sala 2000},
	Date-Added = {2013-11-12 18:39:44 +0000},
	Date-Modified = {2013-11-12 19:04:43 +0000},
	Google_Scholar_Bibtex_Export_Key = {7EmhwkJ\_jvkJ},
	Issn = {0036-8075},
	Journal = {Science},
	Number = {5459},
	Pages = {1770-1774},
	Publicationstatus = {Unknown},
	Publisher = {American Association for the Advancement of Science},
	Sentelink = {file://localhost/Users/phoetrymaster/Documents/Sente/2012-07-20_SenteLib/Sala/2000/Global%20biodiversity%20scenarios%20for%20the%20year%202100/Sala%20Global%20biodiversity%20scenarios%20for%20the%20year%2021.pdf,Sente,},
	Title = {Global biodiversity scenarios for the year 2100},
	Uuid = {57E9F8F6-08B3-4783-A924-138B5BDD3468},
	Volume = {287},
	Web_Data_Source = {Google Scholar},
	Year = {2000}}

@article{houghton1994the-worldwide,
	Author = {Houghton, R. A. . A.},
	Citation_Identifier = {Houghton 1994},
	Date-Added = {2013-11-12 18:23:16 +0000},
	Date-Modified = {2013-11-12 18:23:16 +0000},
	Doi = {10.2307/1312380},
	Issn = {00063568},
	Journal = {BioScience},
	Number = {5},
	Pages = {305-313},
	Publicationstatus = {Published},
	Sentelink = {file://localhost/Users/phoetrymaster/Documents/Sente/2012-07-20_SenteLib/Houghton/1994/The%20Worldwide%20Extent%20of%20Land-Use%20Change/Houghton%20The%20Worldwide%20Extent%20of%20Land-Use%20Change.pdf,Sente,},
	Title = {The Worldwide Extent of Land-Use Change},
	Uuid = {13EE1030-C571-4750-8D9F-4B92545202FD},
	Volume = {44},
	Web_Data_Source = {JSTOR.org},
	Year = {1994},
	Bdsk-Url-1 = {http://dx.doi.org/10.2307/1312380}}

@article{bonnie2000counting,
	Author = {Bonnie, R.},
	Citation_Identifier = {Bonnie 2000},
	Date-Added = {2013-11-12 18:19:54 +0000},
	Date-Modified = {2013-11-12 18:19:54 +0000},
	Doi = {10.1126/science.288.5472.1763},
	Issn = {00368075},
	Journal = {Science},
	Number = {5472},
	Pages = {1763-1764},
	Publicationstatus = {Published},
	Sentelink = {file://localhost/Users/phoetrymaster/Documents/Sente/2012-07-20_SenteLib/Bonnie/2000/Counting%20the%20cost%20of%20deforestation/Bonnie%20Counting%20the%20cost%20of%20deforestation.pdf,Sente,},
	Title = {Counting the cost of deforestation},
	Uuid = {0A26EF0F-C863-46E2-A4BD-A3B1F56091B9},
	Volume = {288},
	Web_Data_Source = {CrossRef},
	Year = {2000},
	Bdsk-Url-1 = {http://dx.doi.org/10.1126/science.288.5472.1763}}

@article{altieri2006gm-soybean:,
	Author = {Altieri, Miguel A. and Pengue, Walter},
	Citation_Identifier = {Altieri 2006},
	Date-Added = {2013-11-12 18:06:52 +0000},
	Date-Modified = {2013-11-12 18:07:11 +0000},
	Google_Scholar_Bibtex_Export_Key = {brewth1-u9AJ},
	Journal = {Seedling},
	Month = {1},
	Pages = {13-17},
	Publicationstatus = {Unknown},
	Sentelink = {file://localhost/Users/phoetrymaster/Documents/Sente/2012-07-20_SenteLib/Altieri/2006/%7BGM%7D%20soybean_%20%7BL%7Datin%20%7BA%7Dmerica%C2%92s%20new%20colonizer/Altieri%20%7BGM%7D%20soybean%20%7BL%7Datin%20%7BA%7Dmerica%C2%92s%20new%20colo.pdf,Sente,},
	Title = {{GM} soybean: {L}atin {A}merica's new colonizer},
	Uuid = {CA508607-8647-4A7C-ADB8-A0E74FFAC6E6},
	Web_Data_Source = {Google Scholar},
	Year = {2006}}

@article{zak2004do-subtropical,
	Author = {Zak, Marcelo R. and Cabido, Marcelo and Hodgson, John G.},
	Citation_Identifier = {Zak 2004},
	Date-Added = {2013-11-12 18:05:29 +0000},
	Date-Modified = {2014-08-29 18:38:58 +0000},
	Doi = {10.1016/j.biocon.2004.03.034},
	Issn = {00063207},
	Journal = {Biological Conservation},
	Number = {4},
	Pages = {589-598},
	Publicationstatus = {Published},
	Sentelink = {file://localhost/Users/phoetrymaster/Documents/Sente/2012-07-20_SenteLib/Zak/2004/Do%20subtropical%20seasonal%20forests%20in%20the%20%7BG%7Dran%20%7BC%7Dh/Zak%20Do%20subtropical%20seasonal%20forests%20in%20the%20%7BG%7Dran.pdf,Sente,},
	Title = {Do subtropical seasonal forests in the {G}ran {C}haco, {A}rgentina, have a future?},
	Uuid = {B573AB64-3030-44C8-A11E-95267A44D612},
	Volume = {120},
	Web_Data_Source = {CrossRef},
	Year = {2004},
	Bdsk-Url-1 = {http://dx.doi.org/10.1016/j.biocon.2004.03.034}}

@article{geist2002proximate,
	Author = {Geist, Helmut J. and Lambin, Eric F.},
	Citation_Identifier = {Geist 2002},
	Date-Added = {2013-11-12 17:52:41 +0000},
	Date-Modified = {2013-11-12 17:52:41 +0000},
	Google_Scholar_Bibtex_Export_Key = {hAiniz10NvcJ},
	Journal = {BioScience},
	Number = {2},
	Pages = {143-150},
	Publicationstatus = {Unknown},
	Publisher = {BioOne},
	Sentelink = {file://localhost/Users/phoetrymaster/Documents/Sente/2012-07-20_SenteLib/Geist/2002/Proximate%20Causes%20and%20Underlying%20Driving%20Forces%20of/Geist%20Proximate%20Causes%20and%20Underlying%20Driving%20Forc.pdf,Sente,},
	Title = {Proximate causes and underlying driving forces of tropical deforestation},
	Uuid = {8D18BF17-EFA2-4825-9D77-DB9DFBDD5E83},
	Volume = {52},
	Web_Data_Source = {Google Scholar},
	Year = {2002}}

@article{pengue2005transgenic,
	Author = {Pengue, Walter A},
	Citation_Identifier = {Pengue 2005},
	Date-Added = {2013-11-12 17:21:50 +0000},
	Date-Modified = {2014-08-29 18:35:51 +0000},
	Doi = {10.1177/0270467605277290},
	Issn = {0270-4676},
	Journal = {Bulletin of Science, Technology \& Society},
	Keywords = {Agricultural Conversion;Genetically Modified;Soybeans;THESIS;Argentina},
	Number = {4},
	Pages = {314-322},
	Publicationstatus = {Published},
	Sentelink = {file://localhost/Users/phoetrymaster/Documents/Sente/2012-07-20_SenteLib/Pengue/2005/Transgenic%20Crops%20in%20Argentina_%20The%20Ecological%20and/Pengue%20Transgenic%20Crops%20in%20Argentina%20The%20Ecologic%20%234.pdf,Sente,},
	Tags = {THESIS;{A}rgentina;Genetically Modified;Agricultural Conversion;Soybeans},
	Title = {Transgenic crops in {A}rgentina: The ecological and social debt},
	Uuid = {5B880153-8C6A-438F-A48B-15963DF2AB7B},
	Volume = {25},
	Web_Data_Source = {CrossRef},
	Year = {2005},
	Bdsk-Url-1 = {http://dx.doi.org/10.1177/0270467605277290}}

@article{usda2013kansascrops,
	Author = {{U.S. Department of Agriculture}},
	Citation_Identifier = {UsDepartmentOfAgriculture 2013},
	Date-Added = {2013-11-05 17:43:05 +0000},
	Date-Modified = {2014-09-01 15:02:23 +0000},
	Journal = {USDA National Agriculture Staticstics Service Monthly Crop Production Reports},
	Month = {1},
	Publicationstatus = {Unknown},
	Retrieval_Day = {25},
	Retrieval_Month = {11},
	Retrieval_Year = {2013},
	Sentelink = {file://localhost/Users/phoetrymaster/Documents/Sente/2012-07-20_SenteLib/%7BUS%20Department%20of%20Agriculture%7D/2013/Crops_%20Kansas%20Agricultural%20Statistics/%7BUS%20Department%20of%20Agriculture%7D%20Crops%20Kansas%20Agric.pdf,Sente,},
	Title = {Crops: {K}ansas agricultural statistics},
	Url = {http://www.nass.usda.gov/Statistics_by_State/Kansas/Publications/Crops/Production/2013/cropjan.pdf},
	Urldate = {2013-11-25},
	Uuid = {F02965F9-121E-448C-8627-52B09AEB067E},
	Year = {2013},
	Bdsk-Url-1 = {http://www.nass.usda.gov/Statistics_by_State/Kansas/Publications/Crops/Production/2013/cropjan.pdf}}

@article{estadistica-y-c2010a,
	Author = {{Instituto Nacional de Estad\'{i}stica y Censos}},
	Citation_Identifier = {InstitutoNacionalDeEstad\'{i}stica 2010},
	Date-Added = {2013-11-01 22:11:38 +0000},
	Date-Modified = {2014-08-29 18:31:36 +0000},
	Journal = {Censo Nacional de Poblaci\'{o}n, Hogares y Viviendas 2010 [National Census of Population and Housing 2010]},
	Publicationstatus = {Unknown},
	Retrieval_Day = {14},
	Retrieval_Month = {5},
	Retrieval_Year = {2013},
	Sentelink = {file://localhost/Users/phoetrymaster/Documents/Sente/2012-07-20_SenteLib/Instituto%20Nacional%20de%20Estad%C3%ADstica%20y%20Censos/2010/Provincia%20de%20Santiago%20del%20Estero_%20Poblaci%C3%B3n%20total/Instituto%20Nacional%20de%20Estad%C3%ADstica%20y%20Censos%20Provinc.pdf,Sente,},
	Shorthand = {INDEC},
	Title = {Provincia de Santiago del Estero: Poblaci\'{o}n total por sexo e \'{i}ndice de masculinidad, seg\'{u}n edad en a\~{n}os simples y grupos quinquenales de edad, a\~{n}o 2010 [Santiago del Estero Province: Total population, sex, and index of masculinity, by age in single years and groups of five]},
	Url = {http://www.censo2010.indec.gov.ar/CuadrosDefinitivos/P2-P_Santiago_del_estero.pdf},
	Urldate = {2013-05-14},
	Uuid = {862E3B6C-DB13-4A58-8D3C-5B78F663DA10},
	Year = {2010},
	Bdsk-Url-1 = {http://www.censo2010.indec.gov.ar/CuadrosDefinitivos/P2-P_Santiago_del_estero.pdf}}

@article{estadistica-y-c2010b,
	Author = {{Instituto Nacional de Estad\'{i}stica y Censos}},
	Citation_Identifier = {InstitutoNacionalDeEstad\'{i}stica 2010a},
	Date-Added = {2013-11-01 22:11:38 +0000},
	Date-Modified = {2014-08-29 18:31:48 +0000},
	Journal = {Censo Nacional de Poblaci\'{o}n, Hogares y Viviendas 2010 [National Census of Population and Housing 2010]},
	Primary_Contributor_Role = {Other},
	Publicationstatus = {Unknown},
	Publisher = {Instituto Nacional de Estad\'{i}stica y Censos},
	Retrieval_Day = {14},
	Retrieval_Month = {5},
	Retrieval_Year = {2013},
	Sentelink = {file://localhost/Users/phoetrymaster/Documents/Sente/2012-07-20_SenteLib/Instituto%20Nacional%20de%20Estad%C3%ADstica%20y%20Censos/!%20Unknown%20Year/Provincia%20de%20Santiago%20del%20Estero%2C%20departamento%20Mor/Instituto%20Nacional%20de%20Estad%C3%ADstica%20y%20Censos%20Provinc.pdf,Sente,},
	Shorthand = {INDEC},
	Title = {Provincia de Santiago del Estero, departamento Pellegrini: Poblaci\'{o}n total por sexo e \'{i}ndice de masculinidad, seg\'{u}n edad en a\~{n}os simples y grupos quinquenales de edad, a\~{n}o 2010 [Department of Pellegrini, Santiago del Estero Province: Total population, sex, and index of masculinity, by age in single years and groups of five]},
	Url = {http://www.censo2010.indec.gov.ar/CuadrosDefinitivos/P2-D_86_133.pdf},
	Urldate = {2013-05-14},
	Uuid = {07009F1E-D688-42B8-A9A7-9A0C1A8A5028},
	Year = {2010},
	Bdsk-Url-1 = {http://www.censo2010.indec.gov.ar/CuadrosDefinitivos/P2-D_86_119.pdf}}

@article{zhang2003monitoring,
	Author = {Zhang, Xiaoyang and Friedl, Mark A. and Schaaf, Crystal B. and Strahler, Alan H. and Hodges, John CF and Gao, Feng and Reed, Bradley C. and Huete, Alfredo},
	Citation_Identifier = {Zhang 2003},
	Date-Added = {2013-10-31 20:38:04 +0000},
	Date-Modified = {2014-08-29 18:39:06 +0000},
	Google_Scholar_Bibtex_Export_Key = {fQziPULc8AQJ},
	Journal = {Remote Sensing of Environment},
	Keywords = {Remote Sensing;Classification;MODIS},
	Number = {3},
	Pages = {471-475},
	Publicationstatus = {Unknown},
	Publisher = {Elsevier},
	Sentelink = {file://localhost/Users/phoetrymaster/Documents/Sente/2012-07-20_SenteLib/Zhang/2003/Monitoring%20vegetation%20phenology%20using%20MODIS/Zhang%20Monitoring%20vegetation%20phenology%20using%20MODIS.pdf,Sente,},
	Tags = {Remote Sensing;Classification;MODIS},
	Title = {Monitoring vegetation phenology using {MODIS}},
	Uuid = {686E19FC-FE9B-4A2C-8DF1-CB4299AAB9E2},
	Volume = {84},
	Web_Data_Source = {Google Scholar},
	Year = {2003}}

@article{sakamoto2010a-two-step,
	Author = {Sakamoto, Toshihiro and Wardlow, Brian D. and Gitelson, Anatoly A. and Verma, Shashi B. and Suyker, Andrew E. and Arkebauer, Timothy J.},
	Citation_Identifier = {Sakamoto 2010},
	Date-Added = {2013-10-31 20:36:30 +0000},
	Date-Modified = {2014-08-29 18:36:18 +0000},
	Doi = {10.1016/j.rse.2010.04.019},
	Issn = {00344257},
	Journal = {Remote Sensing of Environment},
	Keywords = {Remote Sensing;Agriculture;THESIS;MODIS},
	Number = {10},
	Pages = {2146-2159},
	Publicationstatus = {Published},
	Sentelink = {file://localhost/Users/phoetrymaster/Documents/Sente/2012-07-20_SenteLib/Sakamoto/2010/A%20Two-Step%20Filtering%20approach%20for%20detecting%20maize/Sakamoto%20A%20Two-Step%20Filtering%20approach%20for%20detecti.pdf,Sente,},
	Tags = {Remote Sensing;THESIS;Agriculture;MODIS},
	Title = {A two-step filtering approach for detecting maize and soybean phenology with time-series {MODIS} data},
	Uuid = {D131713F-7F7D-412D-B920-72AF267D0E31},
	Volume = {114},
	Web_Data_Source = {CrossRef},
	Year = {2010},
	Bdsk-Url-1 = {http://dx.doi.org/10.1016/j.rse.2010.04.019}}

@article{wardlow2008large-area,
	Author = {Wardlow, Brian D. and Egbert, Stephen L.},
	Citation_Identifier = {Wardlow 2008},
	Date-Added = {2013-10-31 20:36:30 +0000},
	Date-Modified = {2014-08-29 18:38:52 +0000},
	Doi = {10.1016/j.rse.2007.07.019},
	Issn = {00344257},
	Journal = {Remote Sensing of Environment},
	Number = {3},
	Pages = {1096-1116},
	Publicationstatus = {Published},
	Sentelink = {file://localhost/Users/phoetrymaster/Documents/Sente/2012-07-20_SenteLib/Wardlow/2008/Large-area%20crop%20mapping%20using%20time-series%20MODIS%2025/Wardlow%20Large-area%20crop%20mapping%20using%20time-series.pdf,Sente,},
	Title = {Large-area crop mapping using time-series {MODIS} 250m {NDVI} data: {A}n assessment for the {U.S.} {C}entral {G}reat {P}lains},
	Uuid = {CD20B98A-03A7-4353-8241-8C8DDE756460},
	Volume = {112},
	Web_Data_Source = {CrossRef},
	Year = {2008},
	Bdsk-Url-1 = {http://dx.doi.org/10.1016/j.rse.2007.07.019}}

@article{wardlow2007analysis,
	Author = {Wardlow, Brian D. and Egbert, Stephen L. and Kastens, Jude},
	Citation_Identifier = {Wardlow 2007},
	Date-Added = {2013-10-31 20:36:30 +0000},
	Date-Modified = {2014-08-29 18:38:43 +0000},
	Doi = {10.1016/j.rse.2006.11.021},
	Issn = {00344257},
	Journal = {Remote Sensing of Environment},
	Number = {3},
	Pages = {290-310},
	Publicationstatus = {Published},
	Sentelink = {file://localhost/Users/phoetrymaster/Documents/Sente/2012-07-20_SenteLib/WARDLOW/2007/Analysis%20of%20time-series%20MODIS%20250%C2%A0m%20vegetation%20ind/WARDLOW%20Analysis%20of%20time-series%20MODIS%20250%C2%A0m%20vegeta.pdf,Sente,},
	Title = {Analysis of time-series {MODIS} 250m vegetation index data for crop classification in the {U.S.} {C}entral {G}reat {P}lains},
	Uuid = {F890813D-7A02-4D9E-9DA7-B7F462F9C9F3},
	Volume = {108},
	Web_Data_Source = {CrossRef},
	Year = {2007},
	Bdsk-Url-1 = {http://dx.doi.org/10.1016/j.rse.2006.11.021}}

@inproceedings{wardlow2005state-level,
	Author = {Wardlow, Brian D. and Egbert, Stephen L.},
	Booktitle = {Pecora 16 {S}ymposium},
	Citation_Identifier = {Wardlow 2005},
	Date-Added = {2013-10-31 20:36:30 +0000},
	Date-Modified = {2014-09-01 17:23:26 +0000},
	Google_Scholar_Bibtex_Export_Key = {v1R9KssCo90J},
	Keywords = {Remote Sensing;Classification;Corn and Soy;Crop Mapping;THESIS;MODIS},
	Pages = {25-27},
	Publicationstatus = {Unknown},
	Sentelink = {file://localhost/Users/phoetrymaster/Documents/Sente/2012-07-20_SenteLib/Wardlow/2005/State-level%20crop%20mapping%20in%20the%20US%20Central%20Great%20P/Wardlow%20State-level%20crop%20mapping%20in%20the%20US%20Central.pdf,Sente,},
	Tags = {THESIS;Corn and Soy;Remote Sensing;Classification;Crop Mapping;MODIS},
	Title = {State-level crop mapping in the {U.S.} {C}entral {G}reat {P}lains agroecosystem using {MODIS} 250-meter {NDVI} data},
	Uuid = {AD7DC2E9-BC15-476F-B2A7-5695332A740A},
	Web_Data_Source = {Google Scholar},
	Year = {2005}}

@inproceedings{wardlow2002discriminating,
	Author = {Wardlow, Brian D. and Egbert, Stephen L.},
	Booktitle = {Pecora 15 and {L}and {S}atellite {I}nformation {IV} {C}onferencenformation {IV} Conference},
	Citation_Identifier = {Wardlow 2002},
	Date-Added = {2013-10-31 20:36:30 +0000},
	Date-Modified = {2014-09-01 17:23:34 +0000},
	Google_Scholar_Bibtex_Export_Key = {6tsQ9mKuaVMJ},
	Keywords = {Remote Sensing;Classification;Corn and Soy;MODIS},
	Pages = {10-15},
	Publicationstatus = {Unknown},
	Sentelink = {file://localhost/Users/phoetrymaster/Documents/Sente/2012-07-20_SenteLib/Wardlow/2002/Discriminating%20cropping%20patterns%20for%20the%20US%20Centra/Wardlow%20Discriminating%20cropping%20patterns%20for%20the%20U.pdf,Sente,},
	Tags = {Corn and Soy;Remote Sensing;Classification;MODIS},
	Title = {Discriminating cropping patterns for the U.S. Central Great Plains region using time-series MODIS 250-meter NDVI data--Preliminary results},
	Uuid = {F430E0B9-CE41-4854-BF33-AE1CD2F7DAAD},
	Web_Data_Source = {Google Scholar},
	Year = {2002}}

@book{greenpeace-arge2013ley-de-bosques:,
	Author = {{Greenpeace {A}rgentina}},
	Citation_Identifier = {GreenpeaceArgentina},
	Date-Added = {2013-10-31 03:30:05 +0000},
	Date-Modified = {2014-09-02 16:29:24 +0000},
	Key = {GreenpeaceArgentina:},
	Keywords = {Politics;Ley de Bosques;Environmental Politics;THESIS;Deforestation;Argentina;Environmental Management},
	Month = {1},
	Organization = {Greenpeace},
	Publicationstatus = {Unknown},
	Retrieval_Day = {02},
	Retrieval_Month = {04},
	Retrieval_Year = {2013},
	Sentelink = {file://localhost/Users/phoetrymaster/Documents/Sente/2012-07-20_SenteLib/!%20Unknown%20Author(s)/!%20Unknown%20Year/Ley%20de%20Bosques_%205%20a%C3%B1os%20con%20pocos%20avances%20/Ley%20de%20Bosques%205%20a%C3%B1os%20con%20pocos%20avances.pdf,Sente,},
	Tags = {Deforestation;THESIS;{A}rgentina;Politics;Environmental Management;Ley de Bosques;Environmental Politics},
	Title = {Ley de {B}osques: 5 a\~{n}os con pocos avances [{T}he {F}orest {A}ct: {F}ive years with few advances]},
	Url = {http://www.greenpeace.org/argentina/es/informes/Ley-de-Bosques-5-anos-con-pocos-avances/},
	Urldate = {2014-09-02},
	Uuid = {1E73140E-E0BA-4BCB-9BBE-8F005E204FDC},
	Web_Data_Source = {http://www.greenpeace.org/argentina/Global/argentina/report/2013/bosques/Ley\%20de\%20Bosques.\%205\%20a\%c3\%b1os\%20con\%20pocos\%20avances\%20FINAL.pdf},
	Year = {2013},
	Bdsk-Url-1 = {http://www.greenpeace.org/argentina/Global/argentina/report/2013/bosques/Ley%20de%20Bosques.%205%20a%c3%b1os%20con%20pocos%20avances%20FINAL.pdf}}

@article{valpreda2012the-protection,
	Author = {Valpreda, Jennifer Romero},
	Citation_Identifier = {Valpreda 2012},
	Date-Added = {2013-10-31 03:29:31 +0000},
	Date-Modified = {2014-08-29 18:38:03 +0000},
	Google_Scholar_Bibtex_Export_Key = {YD\_Rm1syj6AJ},
	Journal = {INK-Ideas, Numbers, and Knowledge},
	Keywords = {South America;Conservation;Latin America;Trees/Forests;THESIS;Argentina;Environmental Management},
	Number = {1},
	Publicationstatus = {Unknown},
	Sentelink = {file://localhost/Users/phoetrymaster/Documents/Sente/2012-07-20_SenteLib/Valpreda/2012/The%20Protection%20Of%20Natural%20Forests%20In%20Argentina_%20Ef/Valpreda%20The%20Protection%20Of%20Natural%20Forests%20In%20Arge.pdf,Sente,},
	Tags = {Trees/Forests;South America;THESIS;{A}rgentina;Latin America;Conservation;Environmental Management},
	Title = {The protection of natural forests in {A}rgentina: {E}ffective actions or words on paper?},
	Url = {http://ink-journal.com/index.php/ink/article/view/9#.Unr-s5TF2fu},
	Urldate = {2013-11-06},
	Uuid = {61A1578D-0310-4342-8E8A-6F4864A973C8},
	Volume = {1},
	Web_Data_Source = {Google Scholar},
	Year = {2012},
	Bdsk-Url-1 = {http://ink-journal.com/index.php/ink/article/view/9#.Unr-s5TF2fu}}

@mastersthesis{gulezian2009environmental,
	Author = {Gulezian, Sarah Elizabeth},
	Citation_Identifier = {Gulezian 2009},
	Date-Added = {2013-10-31 02:46:57 +0000},
	Date-Modified = {2013-11-07 03:09:57 +0000},
	Entrysubtype = {magazine},
	Google_Scholar_Bibtex_Export_Key = {dVJlumUolfIJ},
	Keywords = {South America;Conservation;Latin America;Ley de Bosques;Environmental Politics;Soybeans;THESIS;Argentina;Environmental Management},
	Publicationstatus = {Unknown},
	Publisher = {University of Vermont},
	School = {University of Vermont},
	Sentelink = {file://localhost/Users/phoetrymaster/Documents/Sente/2012-07-20_SenteLib/Gulezian/2009/Environmental%20politics%20in%20Argentina_%20The%20Ley%20de%20Bo/Gulezian%20Environmental%20politics%20in%20Argentina%20The.pdf,Sente,},
	Tags = {South America;THESIS;{A}rgentina;Latin America;Conservation;Environmental Management;Soybeans;Ley de Bosques;Environmental Politics},
	Title = {Environmental politics in {A}rgentina: The Ley de Bosques},
	Type = {Honors thesis},
	Uuid = {7224C260-97A0-4C39-BBED-671DF084A912},
	Web_Data_Source = {Google Scholar},
	Year = {2009}}

@book{secretaria-de-a2007informe,
	Author = {{Secretar\'{i}a de Ambiente y Desarrollo Sustentable [{A}rgentina]}},
	Citation_Identifier = {Secretar\'{i}aDeAmbienteY 2007a},
	Date-Added = {2013-10-31 01:47:49 +0000},
	Date-Modified = {2014-09-02 16:23:41 +0000},
	Organization = {Secretar\'{i}a de Ambiente y Desarrollo Sustentable [{A}rgentina]},
	Publicationstatus = {Unknown},
	Retrieval_Day = {29},
	Retrieval_Month = {10},
	Retrieval_Year = {2013},
	Sentelink = {file://localhost/Users/phoetrymaster/Documents/Sente/2012-07-20_SenteLib/Unidad%20de%20Manejo%20del%20Sistema%20de%20Evaluaci%C3%B3n%20Foresta/!%20Unknown%20Year/Informe%20sobre%20deforestaci%C3%B3n%20en%20Argentina%20(bulletin/Unidad%20de%20Manejo%20del%20Sistema%20de%20Evaluaci%C3%B3n%20Foresta.pdf,Sente,},
	Title = {Informe sobre deforestaci\'{o}n en {A}rgentina [{B}ulletin on deforestation in {A}rgentina]},
	Url = {http://www.ambiente.gov.ar/archivos/web/UMSEF/File/deforestacin_argentina_v2.pdf},
	Urldate = {2013-10-29},
	Uuid = {D502772B-D507-4464-BD05-B73F44B823A9},
	Year = {2007},
	Bdsk-Url-1 = {http://www.ambiente.gov.ar/archivos/web/UMSEF/File/deforestacin_argentina_v2.pdf}}

@article{masialeti2010a-comparative,
	Author = {Masialeti, Iwake and Egbert, Stephen and Wardlow, Brian D.},
	Citation_Identifier = {Masialeti 2010},
	Date-Added = {2013-10-30 19:06:57 +0000},
	Date-Modified = {2014-08-29 18:33:34 +0000},
	Doi = {10.2747/1548-1603.47.2.241},
	Issn = {1548-1603},
	Journal = {GIScience \& Remote Sensing},
	Keywords = {Remote Sensing;Agriculture;THESIS;MODIS},
	Number = {2},
	Pages = {241-259},
	Publicationstatus = {Published},
	Sentelink = {file://localhost/Users/phoetrymaster/Documents/Sente/2012-07-20_SenteLib/Masialeti/2010/A%20Comparative%20Analysis%20of%20Phenological%20Curves%20for/Masialeti%20A%20Comparative%20Analysis%20of%20Phenological%20C.pdf,Sente,},
	Tags = {Remote Sensing;THESIS;Agriculture;MODIS},
	Title = {A comparative analysis of phenological curves for major crops in {K}ansas},
	Uuid = {442A6637-AA10-4F98-A695-A718A5FB7E0C},
	Volume = {47},
	Web_Data_Source = {CrossRef},
	Year = {2010},
	Bdsk-Url-1 = {http://dx.doi.org/10.2747/1548-1603.47.2.241}}

@article{sakamoto2005a-crop,
	Author = {Sakamoto, Toshihiro, and Yokozawa, M. and Toritani, H. and Shibayama, M. and Ishitsuka, N. and Ohno, H.},
	Citation_Identifier = {Sakamoto 2005},
	Date-Added = {2013-10-30 18:09:09 +0000},
	Date-Modified = {2014-08-29 18:36:06 +0000},
	Doi = {10.1016/j.rse.2005.03.008},
	Issn = {00344257},
	Journal = {Remote Sensing of Environment},
	Keywords = {Remote Sensing;Agriculture;THESIS;MODIS},
	Number = {3-4},
	Pages = {366-374},
	Publicationstatus = {Published},
	Sentelink = {file://localhost/Users/phoetrymaster/Documents/Sente/2012-07-20_SenteLib/SAKAMOTO/2005/A%20crop%20phenology%20detection%20method%20using%20time-serie/SAKAMOTO%20A%20crop%20phenology%20detection%20method%20using%20t.pdf,Sente,},
	Tags = {Remote Sensing;THESIS;Agriculture;MODIS},
	Title = {A crop phenology detection method using time-series {MODIS} data},
	Uuid = {EA91D640-4C38-44B6-82B6-0384420C876D},
	Volume = {96},
	Web_Data_Source = {CrossRef},
	Year = {2005},
	Bdsk-Url-1 = {http://dx.doi.org/10.1016/j.rse.2005.03.008}}

@article{gu2010phenological,
	Author = {Gu, Yingxin and Brown, Jesslyn F. and Miura, Tomoaki and Van Leeuwen, Willem JD and Reed, Bradley C.},
	Citation_Identifier = {Gu 2010},
	Date-Added = {2013-10-30 18:07:15 +0000},
	Date-Modified = {2014-08-29 18:32:44 +0000},
	Google_Scholar_Bibtex_Export_Key = {CzaSHlL14o0J},
	Journal = {Remote Sensing},
	Keywords = {Remote Sensing;Classification;Phenological;THESIS;MODIS},
	Number = {2},
	Pages = {526-544},
	Publicationstatus = {Unknown},
	Publisher = {Molecular Diversity Preservation International},
	Sentelink = {file://localhost/Users/phoetrymaster/Documents/Sente/2012-07-20_SenteLib/Gu/2010/Phenological%20classification%20of%20the%20United%20States_/Gu%20Phenological%20classification%20of%20the%20United%20State.pdf,Sente,},
	Tags = {THESIS;Remote Sensing;Classification;Phenological;MODIS},
	Title = {Phenological classification of the United States: A geographic framework for extending multi-sensor time-series data},
	Uuid = {484570D2-4ADD-4747-912D-65A8A6E42D9C},
	Volume = {2},
	Web_Data_Source = {Google Scholar},
	Year = {2010}}

@inproceedings{doraiswamy2006improved,
	Address = {Piscataway, NJ},
	Author = {Doraiswamy, Paul C. and Akhmedov, Bakhyt and Stern, Alan J.},
	Booktitle = {International {G}eoscience and {R}emote {S}ensing {S}ymposium},
	Citation_Identifier = {Doraiswamy 2006},
	Date-Added = {2013-10-30 18:07:15 +0000},
	Date-Modified = {2014-08-29 18:45:39 +0000},
	Google_Scholar_Bibtex_Export_Key = {50vupJ16rxwJ},
	Keywords = {Remote Sensing;Agriculture;THESIS;MODIS},
	Pages = {2084-2087},
	Publicationstatus = {Unknown},
	Publisher = {The Institute of Electrical {and} Electronics Engineers},
	Sentelink = {file://localhost/Users/phoetrymaster/Documents/Sente/2012-07-20_SenteLib/Doraiswamy/2006/Improved%20techniques%20for%20crop%20classification%20using/Doraiswamy%20Improved%20techniques%20for%20crop%20classifica.pdf,Sente,},
	Tags = {Remote Sensing;THESIS;Agriculture;MODIS},
	Title = {Improved techniques for crop classification using MODIS imagery},
	Uuid = {68475D59-CCD8-4A4C-983D-CAFAE08CF07F},
	Web_Data_Source = {Google Scholar},
	Year = {2006}}

@book{volante2005analisis,
	Author = {Volante, Jose Norberto and Paoli, Hector Pacifico and Bianchi, Alberto R. and Noe, Yanina Elena and Elena, Hernan Javier},
	Citation_Identifier = {Volante 2005},
	Date-Added = {2013-10-29 22:06:03 +0000},
	Date-Modified = {2014-09-02 16:09:46 +0000},
	Organization = {Instituto Nacional de Tecnolog\'{i}a Agropecuaria},
	Publicationstatus = {Unknown},
	Publisher = {Instituto Nacional de Tecnolog\'{i}a Agropecuaria},
	Retrieval_Day = {13},
	Retrieval_Month = {5},
	Retrieval_Year = {2013},
	Sentelink = {file://localhost/Users/phoetrymaster/Documents/Sente/2012-07-20_SenteLib/Volante/2005/An%C3%A1lisis%20de%20la%20din%C3%A1mica%20del%20uso%20del%20suelo%20agr%C3%ADcola/Volante%20An%C3%A1lisis%20de%20la%20din%C3%A1mica%20del%20uso%20del%20suelo.pdf,Sente,},
	Title = {An\'{a}lisis de la din\'{a}mica del uso del suelo agr\'{i}cola del noroeste {A}rgentino mediante teledetecci\'{o}n y {SIG}. {P}er\'{i}odo 2000-2005. [{A}nalysis of the dynamics of the use of agricultural land in {N}orthwest {A}rgentina using remote sensing and {GIS}. {P}eriod 2000-2005.]},
	Url = {http://inta.gob.ar/documentos/analisis-de-la-dinamica-del-uso-del-suelo-agricola-del-noroeste-argentino-mediante-teledeteccion-y-sig.-periodo-2000-2005/at_multi_download/file/Analisis_de_la_dinamica_del_uso_del_suelo.pdf},
	Urldate = {2013-05-13},
	Uuid = {6C1D9D91-5C56-4EEB-ABC3-69D57486AF9D},
	Year = {2005},
	Bdsk-Url-1 = {http://inta.gob.ar/documentos/analisis-de-la-dinamica-del-uso-del-suelo-agricola-del-noroeste-argentino-mediante-teledeteccion-y-sig.-periodo-2000-2005/at_multi_download/file/Analisis_de_la_dinamica_del_uso_del_suelo.pdf}}

@article{boletta2006assessing,
	Author = {Boletta, Pedro E. and Ravelo, Andr\'{e}s C. and Planchuelo, Ana M. and Grilli, Mariano},
	Citation_Identifier = {Boletta 2006},
	Date-Added = {2013-10-29 21:39:18 +0000},
	Date-Modified = {2014-08-29 18:14:07 +0000},
	Doi = {10.1016/j.foreco.2006.02.045},
	Issn = {03781127},
	Journal = {Forest Ecology and Management},
	Keywords = {Chaco;Remote Sensing;Agriculture;THESIS;Deforestation;Argentina},
	Pages = {108-114},
	Publicationstatus = {Published},
	Sentelink = {file://localhost/Users/phoetrymaster/Documents/Sente/2012-07-20_SenteLib/Boletta/2006/Assessing%20deforestation%20in%20the%20Argentine%20Chaco/Boletta%20Assessing%20deforestation%20in%20the%20Argentine%20C.pdf,Sente,},
	Tags = {Remote Sensing;Deforestation;THESIS;{A}rgentina;Agriculture;Chaco},
	Title = {Assessing deforestation in the Argentine Chaco},
	Uuid = {DA8906D2-7F0F-426F-943D-950D01F74B60},
	Volume = {228},
	Web_Data_Source = {CrossRef},
	Year = {2006},
	Bdsk-Url-1 = {http://dx.doi.org/10.1016/j.foreco.2006.02.045}}

@article{grau2005globalization,
	Author = {Grau, H. Ricardo and Aide, T. Mitchell and Gasparri, N. Ignacio},
	Citation_Identifier = {Grau 2005},
	Date-Added = {2013-10-29 21:36:33 +0000},
	Date-Modified = {2014-08-29 18:32:17 +0000},
	Google_Scholar_Bibtex_Export_Key = {uy3KQ\_gVXigJ},
	Journal = {AMBIO: A Journal of the Human Environment},
	Keywords = {Land Use/Land Cover Change;Soybeans;THESIS;Argentina;Globalization},
	Number = {3},
	Pages = {265-266},
	Publicationstatus = {Unknown},
	Publisher = {BioOne},
	Sentelink = {file://localhost/Users/phoetrymaster/Documents/Sente/2012-07-20_SenteLib/Grau/2005/Globalization%20and%20soybean%20expansion%20into%20semiarid/Grau%20Globalization%20and%20soybean%20expansion%20into%20semi%20%232.pdf,Sente,},
	Tags = {Globalization;THESIS;{A}rgentina;Soybeans;Land Use/Land Cover Change},
	Title = {Globalization and soybean expansion into semiarid ecosystems of {A}rgentina},
	Uuid = {95AE8D5E-BD83-4DAA-9FCF-4099356EB91B},
	Volume = {34},
	Web_Data_Source = {Google Scholar},
	Year = {2005}}

@article{grau2005agriculture,
	Author = {Grau, H. Ricardo and Gasparri, N. Ignacio and Aide, T. Mitchell},
	Citation_Identifier = {Grau 2005a},
	Date-Added = {2013-10-29 21:36:33 +0000},
	Date-Modified = {2014-08-29 18:13:49 +0000},
	Doi = {10.1017/S0376892905002092},
	Issn = {0376-8929},
	Journal = {Environmental Conservation},
	Keywords = {Land Use/Land Cover Change;Genetically Modified;Soybeans;Agriculture;THESIS;Deforestation;Argentina},
	Number = {2},
	Pages = {140},
	Publicationstatus = {Published},
	Sentelink = {file://localhost/Users/phoetrymaster/Documents/Sente/2012-07-20_SenteLib/GRAU/2005/Agriculture%20expansion%20and%20deforestation%20in%20seasona/GRAU%20Agriculture%20expansion%20and%20deforestation%20in%20se.pdf,Sente,},
	Tags = {Deforestation;THESIS;{A}rgentina;Genetically Modified;Soybeans;Land Use/Land Cover Change;Agriculture},
	Title = {Agriculture expansion and deforestation in seasonally dry forests of {N}orthwest {A}rgentina},
	Uuid = {FE47303B-D20D-4F6F-B1C1-BBF2F87C44D9},
	Volume = {32},
	Web_Data_Source = {CrossRef},
	Year = {2005},
	Bdsk-Url-1 = {http://dx.doi.org/10.1017/S0376892905002092}}

@article{grau2008globalization,
	Author = {Grau, H. Ricardo and Aide, Mitchell},
	Citation_Identifier = {Grau 2008a},
	Date-Added = {2013-10-29 21:36:33 +0000},
	Date-Modified = {2013-11-07 02:56:39 +0000},
	Google_Scholar_Bibtex_Export_Key = {ii2kr0slLvIJ},
	Journal = {Ecology and Society},
	Keywords = {Land Use/Land Cover Change;Latin America;THESIS;Argentina;Globalization},
	Number = {2},
	Pages = {16},
	Publicationstatus = {Unknown},
	Publisher = {Resilience Alliance},
	Sentelink = {file://localhost/Users/phoetrymaster/Documents/Sente/2012-07-20_SenteLib/Grau/2008/Globalization%20and%20land-use%20transitions%20in%20Latin%20Am/Grau%20Globalization%20and%20land-use%20transitions%20in%20Lat.pdf,Sente,},
	Tags = {Globalization;THESIS;{A}rgentina;Latin America;Land Use/Land Cover Change},
	Title = {Globalization and land-use transitions in {L}atin {A}merica},
	Uuid = {2013FC48-8201-4549-A02B-82357D47C3BA},
	Volume = {13},
	Web_Data_Source = {Google Scholar},
	Year = {2008}}

@article{grau2008balancing,
	Author = {Grau, H. Ricardo and Gasparri, N. Ignacio and Aide, T. Mitchell},
	Citation_Identifier = {Grau 2008},
	Date-Added = {2013-10-29 21:36:33 +0000},
	Date-Modified = {2014-09-02 16:16:01 +0000},
	Doi = {10.1111/j.1365-2486.2008.01554.x},
	Issn = {1354-1013},
	Journal = {Global Change Biology},
	Keywords = {Chaco;Conservation;Soybeans;Agriculture;THESIS;Deforestation},
	Number = {5},
	Pages = {985-997},
	Publicationstatus = {Published},
	Sentelink = {file://localhost/Users/phoetrymaster/Documents/Sente/2012-07-20_SenteLib/GRAU/2008/Balancing%20food%20production%20and%20nature%20conservation/GRAU%20Balancing%20food%20production%20and%20nature%20conserva.pdf,Sente,},
	Tags = {THESIS;Deforestation;Conservation;Soybeans;Agriculture;Chaco},
	Title = {Balancing food production and nature conservation in the neotropical dry forests of Northern {A}rgentina},
	Uuid = {9DDEDDD8-9914-4DCF-988E-67FF117F7B4F},
	Volume = {14},
	Web_Data_Source = {CrossRef},
	Year = {2008},
	Bdsk-Url-1 = {http://dx.doi.org/10.1111/j.1365-2486.2008.01554.x}}

@article{gasparri2009deforestation,
	Author = {Gasparri, N. Ignacio and Grau, H. Ricardo},
	Citation_Identifier = {Gasparri 2009},
	Date-Added = {2013-10-29 21:36:33 +0000},
	Date-Modified = {2014-08-29 18:31:59 +0000},
	Doi = {10.1016/j.foreco.2009.02.024},
	Issn = {03781127},
	Journal = {Forest Ecology and Management},
	Keywords = {Chaco;Remote Sensing;THESIS;Deforestation;Argentina},
	Number = {6},
	Pages = {913-921},
	Publicationstatus = {Published},
	Sentelink = {file://localhost/Users/phoetrymaster/Documents/Sente/2012-07-20_SenteLib/Gasparri/2009/Deforestation%20and%20fragmentation%20of%20Chaco%20dry%20fores/Gasparri%20Deforestation%20and%20fragmentation%20of%20Chaco.pdf,Sente,},
	Tags = {Remote Sensing;Deforestation;THESIS;{A}rgentina;Chaco},
	Title = {Deforestation and fragmentation of Chaco dry forest in Northwest {A}rgentina},
	Uuid = {64A106ED-3A62-4FFA-958F-B143A3CA5895},
	Volume = {258},
	Web_Data_Source = {CrossRef},
	Year = {2009},
	Bdsk-Url-1 = {http://dx.doi.org/10.1016/j.foreco.2009.02.024}}

@article{us-foreign-agri2013world,
	Author = {{U.S. Foreign Agricultural Service}},
	Citation_Identifier = {UsForeignAgriculturalService 2013},
	Date-Added = {2013-10-29 17:00:14 +0000},
	Date-Modified = {2014-09-01 15:02:33 +0000},
	Journal = {World Agricultural Production Circular Series},
	Month = {4},
	Publicationstatus = {Unknown},
	Retrieval_Day = {27},
	Retrieval_Month = {10},
	Retrieval_Year = {2013},
	Sentelink = {file://localhost/Users/phoetrymaster/Documents/Sente/2012-07-20_SenteLib/US%20Foreign%20Agricultural%20Service/2013/World%20Agricultural%20Production%20Circular%20Series%20Apri/US%20Foreign%20Agricultural%20Service%20World%20Agricultural.pdf,Sente,},
	Title = {World agricultural production},
	Url = {http://www.fas.usda.gov/psdonline/circulars/production.pdf%20},
	Urldate = {2013-10-27},
	Uuid = {635C9D59-EACE-4BD4-B805-B95CB21465ED},
	Year = {2013},
	Bdsk-Url-1 = {http://www.fas.usda.gov/psdonline/circulars/production.pdf%20}}

@article{brown2007multitemporal,
	Author = {Brown, J. C. and Jepson, W. E. and Kastens, J. H. and Wardlow, B. D. and Lomas, J. M. and Price, K. P.},
	Citation_Identifier = {Brown 2007a},
	Date-Added = {2013-10-29 16:32:40 +0000},
	Date-Modified = {2013-10-29 21:45:27 +0000},
	Google_Scholar_Bibtex_Export_Key = {P9cetSbhudsJ},
	Journal = {GIScience \& Remote Sensing},
	Keywords = {Remote Sensing;Agriculture;THESIS;MODIS},
	Number = {2},
	Pages = {117-148},
	Publicationstatus = {Unknown},
	Publisher = {Taylor \& Francis},
	Sentelink = {file://localhost/Users/phoetrymaster/Documents/Sente/2012-07-20_SenteLib/Brown/2007/Multitemporal%2C%20moderate-spatial-resolution%20remote/Brown%20Multitemporal%2C%20moderate-spatial-resolution%20r.pdf,Sente,},
	Tags = {Remote Sensing;THESIS;Agriculture;MODIS},
	Title = {Multitemporal, moderate-spatial-resolution remote sensing of modern agricultural production and land modification in the Brazilian Amazon},
	Uuid = {0C2266D4-97F8-4D26-95D6-10333D9175AD},
	Volume = {44},
	Web_Data_Source = {Google Scholar},
	Year = {2007}}

@article{thenkabail1994landsat-5,
	Author = {Thenkabail, P. S. and Ward, A. D. and Lyon, J. G.},
	Citation_Identifier = {Thenkabail 1994},
	Date-Added = {2013-10-29 02:21:44 +0000},
	Date-Modified = {2014-08-29 18:37:07 +0000},
	Google_Scholar_Bibtex_Export_Key = {1cnxnes6D2cJ},
	Journal = {Remote Sensing},
	Keywords = {Remote Sensing;Corn and Soy;Spectral Responses;THESIS},
	Number = {1},
	Pages = {49-61},
	Publicationstatus = {Unknown},
	Publisher = {Taylor \& Francis},
	Sentelink = {file://localhost/Users/phoetrymaster/Documents/Sente/2012-07-20_SenteLib/Thenkabail/1994/Landsat-5%20Thematic%20Mapper%20models%20of%20soybean%20and%20co/Thenkabail%20Landsat-5%20Thematic%20Mapper%20models%20of%20soy.pdf,Sente,},
	Tags = {Corn and Soy;Remote Sensing;THESIS;Spectral Responses},
	Title = {Landsat-5 Thematic Mapper models of soybean and corn crop characteristics},
	Uuid = {1158E64A-D9DD-493C-BB8A-C624F5E80F97},
	Volume = {15},
	Web_Data_Source = {Google Scholar},
	Year = {1994}}

@article{greenpeace-inte2005the-expanding,
	Author = {{Greenpeace International}},
	Citation_Identifier = {GreenpeaceInternational 2005},
	Date-Added = {2013-10-29 01:50:22 +0000},
	Date-Modified = {2014-08-29 18:32:37 +0000},
	Journal = {Greenpeace Briefing},
	Lastchecked = {27 Oct 2013},
	Month = {1},
	Publicationstatus = {Published},
	Retrieval_Day = {27},
	Retrieval_Month = {10},
	Retrieval_Year = {2013},
	Sentelink = {file://localhost/Users/phoetrymaster/Documents/Sente/2012-07-20_SenteLib/Greenpeace%20International/2005/!%20Unknown%20Article%20Title/Greenpeace%20International.pdf,Sente,},
	Title = {The expanding soybean frontier: {A}rgentina's dangerous reliance on genetically engineered soybean},
	Url = {http://www.greenpeace.org/international/Global/international/planet-2/report/2005/11/the-expanding-soybean-frontier.pdf},
	Urldate = {2013-10-27},
	Uuid = {048B77B1-BEA5-4715-8CE5-4089B56BA72E},
	Year = {2005},
	Bdsk-Url-1 = {http://www.greenpeace.org/international/Global/international/planet-2/report/2005/11/the-expanding-soybean-frontier.pdf}}

@book{secretaria-de-d2001primer,
	Author = {{Secretar\'{i}a de Desarrollo Sustentable y Pol\'{i}tica Ambiental [{A}rgentina]}},
	Citation_Identifier = {Secretar\'{i}aDeDesarrolloSustentable 2001},
	Date-Added = {2013-10-27 23:40:34 +0000},
	Date-Modified = {2014-09-02 16:23:52 +0000},
	Publicationstatus = {Unknown},
	Retrieval_Day = {13},
	Retrieval_Month = {5},
	Retrieval_Year = {2013},
	Sentelink = {file://localhost/Users/phoetrymaster/Documents/Sente/2012-07-20_SenteLib/Secretar%C3%ADa%20de%20Desarrollo%20Sustentable%20y%20Pol%C3%ADtica%20Am/2001/Manual%20de%20cartograf%C3%ADa%20digital%20y%20SIG%20(Manual%20of%20dig/Secretar%C3%ADa%20de%20Desarrollo%20Sustentable%20y%20Pol%C3%ADtica%20Am.pdf,Sente,},
	Title = {Primer inventario nacional de bosques nativos [{F}irst national inventory of native forests]},
	Url = {http://aplicaciones.medioambiente.gov.ar/archivos/web/UMSEF/File/PINBN/nueva_version_manuales/pinbn_manual_cartografia_sig.pdf},
	Urldate = {2013-05-13},
	Uuid = {9A623D39-4E57-40DA-8529-B67F7FB26F0E},
	Year = {2001},
	Bdsk-Url-1 = {http://aplicaciones.medioambiente.gov.ar/archivos/web/UMSEF/File/PINBN/nueva_version_manuales/pinbn_manual_cartografia_sig.pdf}}

@book{secreteria-de-a2012monitoreo,
	Author = {{Secreter\'{i}a de Ambiente y Desarrollo Sustentable [{A}rgentina]}},
	Citation_Identifier = {Secreter\'{i}aDeAmbienteY 2012},
	Date-Added = {2013-10-27 23:31:45 +0000},
	Date-Modified = {2014-09-02 16:25:35 +0000},
	Publicationstatus = {Unknown},
	Retrieval_Day = {27},
	Retrieval_Month = {10},
	Retrieval_Year = {2013},
	Sentelink = {file://localhost/Users/phoetrymaster/Documents/Sente/2012-07-20_SenteLib/Secreter%C3%ADa%20de%20Ambiente%20y%20Desarrollo%20Sustentable%20%5BA/2012/!%20Unknown%20Article%20Title/Secreter%C3%ADa%20de%20Ambiente%20y%20Desarrollo%20Sustentable%20%5BA.pdf,Sente,},
	Title = {Monitoreo de la superficie de bosque nativo de la Rep\'{u}blica {A}rgentina, per\'{i}odo 2006-2011: {R}egiones forestales {P}arque {C}haque\~{n}o, {S}elva {M}isionera, y {S}elva {T}ucumano {B}oliviana [{M}onitoring of the land cover of the native forests of the {A}rgentine {R}epublic, {P}eriod 2006-2011: {F}orest regions of the {C}haco, {M}isionera {F}orest, and {T}ucumano-{B}oliviana {F}orest]},
	Url = {http://www.ambiente.gov.ar/archivos/web/UMSEF/file/LeyBN/monitoreo_bn_2006_2011_ley26331.pdf},
	Urldate = {2013-10-27},
	Uuid = {74A9A06B-9736-462A-BD27-6DDA9A354B1A},
	Year = {2012},
	Bdsk-Url-1 = {http://www.ambiente.gov.ar/archivos/web/UMSEF/file/LeyBN/monitoreo_bn_2006_2011_ley26331.pdf}}
